<record><leader>00000cas a2200000Ma 4500</leader><controlfield tag="001">11035796</controlfield><controlfield tag="008">840809d18391839aluwr ne      0    0eng d</controlfield><datafield ind1=" " ind2=" " tag="010"><subfield code="a">sn 84023621 </subfield></datafield><datafield ind1=" " ind2=" " tag="040"><subfield code="a">AQM</subfield><subfield code="b">eng</subfield><subfield code="c">AQM</subfield><subfield code="d">OCLCQ</subfield></datafield><datafield ind1="0" ind2="4" tag="245"><subfield code="a">The Wetumpka Argus and sentinel.</subfield></datafield><datafield ind1=" " ind2=" " tag="260"><subfield code="a">Wetumpka, Ala. :</subfield><subfield code="b">M.D. Simpson &amp; L.M. Stone</subfield></datafield><datafield ind1=" " ind2=" " tag="300"><subfield code="a">volumes</subfield></datafield><datafield ind1=" " ind2=" " tag="310"><subfield code="a">Weekly</subfield></datafield><datafield ind1=" " ind2=" " tag="336"><subfield code="a">text</subfield><subfield code="b">txt</subfield><subfield code="2">rdacontent</subfield></datafield><datafield ind1=" " ind2=" " tag="337"><subfield code="a">unmediated</subfield><subfield code="b">n</subfield><subfield code="2">rdamedia</subfield></datafield><datafield ind1=" " ind2=" " tag="338"><subfield code="a">volume</subfield><subfield code="b">nc</subfield><subfield code="2">rdacarrier</subfield></datafield><datafield ind1="1" ind2=" " tag="362"><subfield code="a">Began in 1839; ceased in 1839.</subfield><subfield code="z">Cf. Amer. newspapers, 1821-1936.</subfield></datafield><datafield ind1=" " ind2=" " tag="500"><subfield code="a">Editor: M.D. Simpson, &lt;1839&gt;.</subfield></datafield><datafield ind1=" " ind2=" " tag="500"><subfield code="a">"Democratic."</subfield></datafield><datafield ind1=" " ind2=" " tag="580"><subfield code="a">Continued by: Argus (Wetumpka, Ala.). Cf. Ellison, R.C. Hist and bibl. of Ala. newspapers in the 19th cent.</subfield></datafield><datafield ind1=" " ind2=" " tag="588"><subfield code="a">Description based on: Vol. 4, no. 1 (Mar. 26, 1839).</subfield></datafield><datafield ind1=" " ind2="7" tag="655"><subfield code="a">Newspapers.</subfield><subfield code="2">rbgenr</subfield></datafield><datafield ind1="1" ind2=" " tag="700"><subfield code="a">Simpson, M. D.,</subfield><subfield code="d">-1839.</subfield></datafield><datafield ind1=" " ind2=" " tag="752"><subfield code="a">United States</subfield><subfield code="b">Alabama</subfield><subfield code="c">Elmore</subfield><subfield code="d">Wetumpka.</subfield></datafield><datafield ind1="0" ind2="4" tag="780"><subfield code="t">Wetmpka Argus (Wetumpka, Ala. : 1836)</subfield></datafield><datafield ind1="0" ind2="4" tag="780"><subfield code="t">Wetumpka sentinel and advertiser</subfield><subfield code="w">(DLC)sn 84023623</subfield></datafield><datafield ind1="1" ind2="0" tag="785"><subfield code="t">Argus (Wetumpka, Ala.)</subfield></datafield></record>